@misc{wiki:Sigarettagioco,
   author = {Wikipedia},
   title = "{Sigaretta (gioco)} --- {W}ikipedia{,} The Free Encyclopedia",
   year = "2020",
   howpublished = {\url{http://it.wikipedia.org/w/index.php?title=Sigaretta\%20(gioco)&oldid=104339926}}}
 }
 
@misc{GradleEnterprise:online,
    author = {Gradle Inc.},
    title = {Gradle Enterprise | Improve Build Speed, Reliability and Debugging},
    howpublished = {\url{https://gradle.com/}},
    month = {},
    year = {}}
}

@misc{VertX:online,
    author = {Eclipse Foundation},
    title = {Eclipse Vert.x},
    howpublished = {\url{https://vertx.io/}},
    month = {},
    year = {}}
}

@misc{JUnit576:online,
    author = {JUnit 5},
    title = {JUnit 5},
    howpublished = {\url{https://junit.org/junit5/}},
    month = {},
    year = {}}
}

@misc{React:online,
    author = {Facebook Inc.},
    title = {React – A JavaScript library for building user interfaces},
    howpublished = {\url{https://reactjs.org/}},
    month = {},
    year = {}}
}

@misc{redux:online,
    author = {Dan Abramov},
    title = {Redux - A predictable state container for JavaScript apps. | Redux},
    howpublished = {\url{https://redux.js.org/}},
    month = {},
    year = {}}
}

@misc{npm:online,
    author = {Npm Inc.},
    title = {npm | build amazing things},
    howpublished = {\url{https://www.npmjs.com/}},
    month = {},
    year = {}}
}

@misc{MetodoMo:online,
    author = {Wikipedia},
    title = {Metodo MoSCoW - Wikipedia},
    howpublished = {\url{https://it.wikipedia.org/wiki/Metodo_MoSCoW}},month = {},
    year = {}}
}

@misc{googlegs79:online,
    author = {Google Inc.},
    title = {google/gson: A Java serialization/deserialization library to convert Java Objects into JSON and back},
    howpublished = {\url{https://github.com/google/gson}},
    month = {},
    year = {}}
}

@misc{ReduxDev39:online,
    author = {remotedevio},
    title = {Redux DevTools - Chrome Web Store},
    howpublished = {\url{https://chrome.google.com/webstore/detail/redux-devtools/lmhkpmbekcpmknklioeibfkpmmfibljd?hl=it}},
    month = {},
    year = {}}
}

@misc{ReactNat38:online,
    author = {},
    title = {React Native Development Services Company | Mobile App Development Services | Codeplus Infotech},
    howpublished = {\url{https://www.codeplusinfo.com/technology/react-native/}},
    month = {},
    year = {}}
}

@misc{nodejs:online,
    author = {OpenJS Foundation},
    title = {Node.js},
    howpublished = {\url{https://nodejs.org/en/}},
    month = {},
    year = {}}
}

@misc{introduzione_jsx_react,
    author = {Facebook Inc.},
    title = {Introduzione a JSX – React},
    howpublished = {\url{https://it.reactjs.org/docs/introducing-jsx.html}},
    month = {},
    year = {}}
}

@misc{componente_react,
    author = {Facebook Inc.},
    title = {Componenti e Props – React},
    howpublished = {\url{https://it.reactjs.org/docs/components-and-props.html}},
    month = {},
    year = {}}
}

@misc{state_e_lifecycle_react,
    author = {facebook Inc.},
    title = {State e Lifecycle – React},
    howpublished = {\url{https://it.reactjs.org/docs/state-and-lifecycle.html}},
    month = {},
    year = {}}
}

@misc{npmDo:online,
    author = {npm Inc.},
    title = {npm | npm Docs},
    howpublished = {\url{https://docs.npmjs.com/cli/v6/commands/npm}},
    month = {},
    year = {}}
}

@misc{PrimiPas97:online,
    author = {Facebook Inc.},
    title = {Primi Passi – React},
    howpublished = {\url{https://it.reactjs.org/docs/getting-started.html}},
    month = {},
    year = {}}
}

@misc{caratteristiche_redux,
    author = {Dan Abramov and the Redux documentation authors},
    title = {Redux - A predictable state container for JavaScript apps. | Redux},
    howpublished = {\url{https://redux.js.org/}},
    month = {},
    year = {}}
}

@misc{store_redux,
    author = {Dan Abramov and the Redux documentation authors},
    title = {Redux Fundamentals, Part 4: Store | Redux},
    howpublished = {\url{https://redux.js.org/tutorials/fundamentals/part-4-store}},
    month = {},
    year = {}}
}

@misc{reducer_redux,
    author = {Dan Abramov and the Redux documentation authors},
    title = {Redux Fundamentals, Part 3: State, Actions, and Reducers | Redux},
    howpublished = {\url{https://redux.js.org/tutorials/fundamentals/part-3-state-actions-reducers}},
    month = {},
    year = {}}
}

@misc{azioni_redux,
    author = {Dan Abramov and the Redux documentation authors},
    title = {Redux Fundamentals, Part 2: Concepts and Data Flow | Redux},
    howpublished = {\url{https://redux.js.org/tutorials/fundamentals/part-2-concepts-data-flow}},
    month = {},
    year = {}}
}

@misc{toolkit_redux,
    author = {Dan Abramov and the Redux documentation authors},
    title = {Redux Toolkit | Redux Toolkit},
    howpublished = {\url{https://redux-toolkit.js.org/}},
    month = {},
    year = {}}
}


@misc{JsonObj:online,
    author = {Eclipse Foundation},
    title = {JsonObject (Vert.x Stack - Docs 4.0.1-SNAPSHOT API)},
    howpublished = {\url{https://vertx.io/docs/apidocs/io/vertx/core/json/JsonObject.html}},
    month = {},
    year = {}}
}

@misc{JsonArr:online,
    author = {Eclipse Foundation},
    title = {JsonArray (Vert.x Stack - Docs 4.0.1-SNAPSHOT API)},
    howpublished = {\url{https://vertx.io/docs/apidocs/io/vertx/core/json/JsonArray.html}},
    month = {},
    year = {}}
}

@misc{gsonIniz52:online,
    author = {riptutorial.com},
    title = {gson - Iniziare con Gson | gson Tutorial},
    howpublished = {\url{https://riptutorial.com/it/gson}},
    month = {},
    year = {}}
}

@misc{vertx3ve91:online,
    author = {Apache-2.0 License},
    title = {vert-x3/vertx-starter: Home of the Vert.x Starter},
    howpublished = {\url{https://github.com/vert-x3/vertx-starter}},
    month = {},
    year = {}}
}

@misc{ReduxDev96:online,
    author = {},
    title = {Redux DevTools - Chrome Web Store},
    howpublished = {\url{https://chrome.google.com/webstore/detail/redux-devtools/lmhkpmbekcpmknklioeibfkpmmfibljd?hl=it}},
    month = {},
    year = {}}
}

@misc{zalmoxis63:online,
    author = {},
    title = {zalmoxisus/redux-devtools-extension: Redux DevTools extension.},
    howpublished = {\url{https://github.com/zalmoxisus/redux-devtools-extension}},
    month = {},
    year = {}}
}

@misc{ProductionReact:online,
    author = {},
    title = {Creating a Production Build | Create React App},
    howpublished = {\url{https://create-react-app.dev/docs/production-build/}},
    month = {},
    year = {}}
}

@misc{Mongoose21:online,
    author = {},
    title = {Mongoose ODM v5.12.8},
    howpublished = {\url{https://mongoosejs.com/}},
    month = {},
    year = {}}
}

@misc{Nodejs66:online,
    author = {},
    title = {Node.js},
    howpublished = {\url{https://nodejs.org/it/}},
    month = {},
    year = {}}
}

@misc{Bootstra56:online,
    author = {},
    title = {Bootstrap · The most popular HTML, CSS, and JS library in the world.},
    howpublished = {\url{https://getbootstrap.com/}},
    month = {},
    year = {}}
}

@misc{Ildataba34:online,
    author = {},
    title = {Il database più diffuso per le app moderne | MongoDB},
    howpublished = {\url{https://www.mongodb.com/it}},
    month = {},
    year = {}}
}